@article{
SHS1,
 Author={Xenofon Koutsoukos and Derek Riley},
 Title={Computational Methods for Verification of Stochastic Hybrid Systems},
 Journal={IEEE TRANSACTIONS ON SYSTEMS, MAN, AND CYBERNETICS},
 Year={2008},
 Volume={38},
 Number={2},
 Pages={385-396},
 Month={March},

}